<collection xmlns="http://www.loc.gov/MARC21/slim">
<record>
  <leader>01467nam0a22002891i 450 </leader>
  <controlfield tag="001">IT\ICCU\CNCE\071115</controlfield>
  <controlfield tag="005">20070619000000.0</controlfield>
  <datafield tag="012" ind1=" " ind2=" ">
    <subfield code="a">uaal dea, orhe Tina (3) 1590 (R)</subfield>
    <subfield code="2">fei</subfield>
  </datafield>
  <datafield tag="100" ind1=" " ind2=" ">
    <subfield code="a">20070618d1590        0itac0103    ba</subfield>
  </datafield>
  <datafield tag="101" ind1=" " ind2=" ">
    <subfield code="a">ITA</subfield>
  </datafield>
  <datafield tag="102" ind1=" " ind2=" ">
    <subfield code="a">IT</subfield>
  </datafield>
  <datafield tag="200" ind1="1" ind2=" ">
    <subfield code="a">Prigione d&apos;amore commedia del eccellentiss. sig. Sforza Oddi, recitata in Pisa da scolari l&apos;anno secondo del felice rettorato del s. Lelio Gauardo asolano</subfield>
  </datafield>
  <datafield tag="205" ind1=" " ind2=" ">
    <subfield code="a">Di nuouo data in luce</subfield>
  </datafield>
  <datafield tag="210" ind1=" " ind2=" ">
    <subfield code="a">In Fiorenza</subfield>
    <subfield code="c">per Filippo Giunti</subfield>
    <subfield code="d">1590</subfield>
    <subfield code="e">In Fiorenza</subfield>
    <subfield code="g">nella stamperia di Filippo Giunti</subfield>
    <subfield code="h">1589</subfield>
  </datafield>
  <datafield tag="215" ind1=" " ind2=" ">
    <subfield code="a">\16!, 156, \4! p.</subfield>
    <subfield code="d">8o</subfield>
  </datafield>
  <datafield tag="300" ind1=" " ind2=" ">
    <subfield code="a">ANNULLA!!!  vedi 28810Marca sul front. -  Fregi e iniz. xilogr. -  Segn.: A-Ĺı. -  Ultime 2 c. bianche. - IT\ICCU\SBNM\000001</subfield>
  </datafield>
  <datafield tag="620" ind1=" " ind2=" ">
    <subfield code="a">IT</subfield>
    <subfield code="d">Firenze</subfield>
  </datafield>
  <datafield tag="700" ind1=" " ind2="1">
    <subfield code="a">Oddi,</subfield>
    <subfield code="b">Sforza : degli</subfield>
    <subfield code="3">IT\ICCU\CNCA\006885</subfield>
  </datafield>
  <datafield tag="712" ind1="0" ind2="0">
    <subfield code="a">Giunta, Filippo</subfield>
    <subfield code="c"> &lt;2.&gt;</subfield>
    <subfield code="3">IT\ICCU\CNCT\000109</subfield>
    <subfield code="4">650</subfield>
  </datafield>
  <datafield tag="790" ind1=" " ind2="1">
    <subfield code="a">Oddus,</subfield>
    <subfield code="b">Sfortia</subfield>
    <subfield code="3">IT\ICCU\CNCA\021782</subfield>
    <subfield code="z">Oddi, Sforza : degli</subfield>
  </datafield>
  <datafield tag="790" ind1=" " ind2="1">
    <subfield code="a">Degli_Oddi,</subfield>
    <subfield code="b">Sforza</subfield>
    <subfield code="3">IT\ICCU\CNCA\021783</subfield>
    <subfield code="z">Oddi, Sforza : degli</subfield>
  </datafield>
  <datafield tag="791" ind1="0" ind2="0">
    <subfield code="a">Iunta, Philippus</subfield>
    <subfield code="c"> &lt;2.&gt;</subfield>
    <subfield code="3">IT\ICCU\CNCT\003889</subfield>
    <subfield code="z">Giunta, Filippo &lt;2.&gt;</subfield>
  </datafield>
  <datafield tag="791" ind1="0" ind2="0">
    <subfield code="a">Iuncta, Philippus</subfield>
    <subfield code="c"> &lt;2.&gt;</subfield>
    <subfield code="3">IT\ICCU\CNCT\003890</subfield>
    <subfield code="z">Giunta, Filippo &lt;2.&gt;</subfield>
  </datafield>
  <datafield tag="791" ind1="0" ind2="0">
    <subfield code="a">Giunti, Filippo</subfield>
    <subfield code="c"> &lt;2&gt;</subfield>
    <subfield code="3">IT\ICCU\CNCT\004916</subfield>
    <subfield code="z">Giunta, Filippo &lt;2.&gt;</subfield>
  </datafield>
  <datafield tag="791" ind1="0" ind2="0">
    <subfield code="a">Gionti, Filippo</subfield>
    <subfield code="3">IT\ICCU\CNCT\004918</subfield>
    <subfield code="z">Giunta, Filippo &lt;2.&gt;</subfield>
  </datafield>
  <datafield tag="801" ind1=" " ind2="3">
    <subfield code="a">IT</subfield>
    <subfield code="b">ICCU</subfield>
    <subfield code="c">20201115</subfield>
  </datafield>
  <datafield tag="899" ind1=" " ind2=" ">
    <subfield code="a">Biblioteca nazionale Braidense. Milano</subfield>
    <subfield code="1">MI0185</subfield>
    <subfield code="2">MIL NB</subfield>
  </datafield>
</record>
</collection>
